@misc{mathworks_system_requirements_matlab,
  author       = {{MathWorks}},
  title        = {System requirements for MATLAB and Simulink},
  year         = {2025},
  howpublished = {\url{https://www.mathworks.com/support/requirements/matlab-system-requirements.html}},
  note         = {Recuperado el 6 de junio de 2025}
}

@misc{mathworks_matlab,
  author  = {{MathWorks}},
  title   = {MATLAB},
  year    = {2025},
  howpublished = {\url{https://es.mathworks.com/products/matlab.html}},
  note    = {Recuperado el 6 de junio de 2025}
}

@misc{ue2016rgpd,
  author       = {{Unión Europea}},
  title        = {Reglamento (UE) 2016/679 del Parlamento Europeo y del Consejo, de 27 de abril de 2016, relativo a la protección de las personas físicas en lo que respecta al tratamiento de datos personales y a la libre circulación de estos datos, y por el que se deroga la Directiva 95/46/CE (Reglamento general de protección de datos)},
  howpublished = {\textit{Diario Oficial de la Unión Europea}, L119, 4.5.2016, pp. 1--88}},
  year         = {2016},
  note         = {Consultado el 6 de junio de 2025}
}

@misc{lopdgdd2018,
  author       = {{España}},
  title        = {Ley Orgánica 3/2018, de 5 de diciembre, de Protección de Datos Personales y garantía de los derechos digitales},
  howpublished = {\textit{Boletín Oficial del Estado}, núm. 294, 6 de diciembre de 2018, pp. 119788--119857}},
  year         = {2018},
  note         = {Consultado el 6 de junio de 2025}
}


@book{onu2015agenda2030,
  author    = {{Organización de las Naciones Unidas}},
  title     = {Transformar nuestro mundo: la Agenda 2030 para el Desarrollo Sostenible},
  year      = {2015},
  publisher = {Naciones Unidas},
  note      = {Consultado el 6 de junio de 2025}
}


@book{who2020disorder,
  author    = {{Organización Mundial de la Salud}},
  title     = {A World in Disorder: Global Preparedness Monitoring Board Annual Report 2020},
  year      = {2020},
  publisher = {OMS},
  note      = {Consultado el 6 de junio de 2025}
}


@book{unesco2020education,
  author    = {{UNESCO}},
  title     = {Education in a Post-COVID World: Nine Ideas for Public Action},
  year      = {2020},
  publisher = {International Commission on the Futures of Education},
  note      = {Consultado el 6 de junio de 2025}
}


@misc{who2021inequality,
  author    = {{World Health Organization}},
  title     = {COVID-19 and Health Inequality: A Global Perspective},
  year      = {2021},
  type      = {Technical Report},
  institution = {World Health Organization},
  note      = {Consultado el 6 de junio de 2025}
}


@article{lozano2017teaching,
  author  = {Lozano, Rodrigo and Ceulemans, Kim and Scarff Seatter, Caroline},
  title   = {Teaching organisational change management for sustainability: Designing and delivering a course at the University of Leeds to better prepare future sustainability change agents},
  journal = {Journal of Cleaner Production},
  volume  = {172},
  pages   = {4357--4366},
  year    = {2017},
  doi     = {10.1016/j.jclepro.2017.05.051}
}

@misc{microsoft365personal,
  author       = {{Microsoft}},
  title        = {Office 365 Personal},
  year         = {n.d.},
  howpublished = {\url{https://www.microsoft.com/es-es/microsoft-365/p/office-365-personal/cfq7ttc0k5dm}},
  note         = {Recuperado el 6 de junio de 2025}
}

@misc{mathworks_matlab_student,
  author    = {{MathWorks}},
  title     = {MATLAB para estudiantes},
  year      = {n.d.},
   howpublished = {\url{https://es.mathworks.com/products/matlab/student.html}},
  note      = {Recuperado el 8 de junio de 2025}
}


@misc{microsoft_windows11_get,
  author    = {{Microsoft}},
  title     = {Cómo obtener Windows 11 para un PC compatible},
  year      = {n.d.},
  howpublished = {\url{https://www.microsoft.com/es-es/windows/get-windows-11}},
  note      = {Recuperado el 8 de junio de 2025}
}

@misc{glassdoor_junior_ing_inf,
  author    = {{Glassdoor}},
  title     = {Ingeniero Informático Junior – Sueldos en España},
  year      = {n.d.},
  howpublished = {\url{https://www.glassdoor.es/Sueldos/ingeniero-informático-junior-sueldo-SRCH_KO0,28.htm}},
  note      = {Recuperado el 8 de junio de 2025}
}


@article{Khorrami2023,
  author    = {Zahra Khorrami and Mohammadreza Balooch Hasankhani and Mehrdad Khezri and Ali Jafari-Khounigh and Yones Jahani and Hamid Sharifi},
  title     = {Trends and projection of incidence, mortality, and disability-adjusted life years of HIV in the Middle East and North Africa (1990–2030)},
  journal   = {Scientific Reports},
  volume    = {13},
  number    = {1},
  pages     = {13859},
  year      = {2023},
  doi       = {10.1038/s41598-023-40743-z},
  url       = {https://pubmed.ncbi.nlm.nih.gov/37620356/}
}

@article{shakiba2021epidemiological,
  title={Epidemiological features of HIV/AIDS in the Middle East and North Africa from 1990 to 2017},
  author={Shakiba, Ebrahim and Ramazani, Uosef and Mardani, Ehsan and Rahimi, Zohre and Nazar, Zeinab Moradi and Najafi, Farid and Moradinazar, Mehdi},
  journal={International journal of STD \& AIDS},
  volume={32},
  number={3},
  pages={257--265},
  year={2021},
  publisher={SAGE Publications Sage UK: London, England}
}

@misc{primer_caso_covid_espana,
  author    = {AGENCIA EFE},
  title     = {Cinco años del primer caso de covid en España: un turista alemán, en La Gomera},
  year      = {2025},
  date      = {2025-01-31},
 howpublished = {\url{https://www.20minutos.es/noticia/5678158/0/cinco-anos-primer-caso-covid-19-espana-turista-aleman-la-gomera/}},
  note      = {Consultado el 2 de junio de 2025}
}

@misc{sanidad_covid_situacion,
  author    = {Ministerio de Sanidad},
  title     = {Informes de situación publicados durante la crisis sanitaria},
  year      = {2025},
 howpublished = {\url{https://www.sanidad.gob.es/areas/alertasEmergenciasSanitarias/alertasActuales/nCov/evolucion/situacion.htm}},
  note      = {Consultado el 2 de junio de 2025}
}

@misc{datacommons_espana_demografia,
  author    = {{Data Commons}},
  title     = {España – Demografía},
  year      = {2025},
  howpublished = {\url{https://datacommons.org/place/country/ESP?utm_medium=explore&mprop=count&popt=Person&hl=es}},
  note      = {Consultado el 2 de junio de 2025}
}

@misc{garcia_r0_desescalada,
  author    = {Álvaro García},
  title     = {Coronavirus: ¿qué es el número R0 y cuál es su papel en la desescalada?},
  year      = {2020},
  date      = {2020-05-05},
  howpublished = {\url{https://as.com/diarioas/2020/05/05/actualidad/1588680293_938747.html}},
  note      = {Consultado el 2 de junio de 2025}
}


@article{lauer2020incubation,
  title={The incubation period of coronavirus disease 2019 (COVID-19) from publicly reported confirmed cases: estimation and application},
  author={Lauer, Stephen A and Grantz, Kyra H and Bi, Qifang and Jones, Forrest K and Zheng, Qulu and Meredith, Hannah R and Azman, Andrew S and Reich, Nicholas G and Lessler, Justin},
  journal={Annals of internal medicine},
  volume={172},
  number={9},
  pages={577--582},
  year={2020},
  publisher={American College of Physicians}
}


@misc{ada_duracion_covid,
  author    = {{Ada Health}},
  title     = {¿Cuántos días dura el COVID? Una guía completa},
  year      = {2025},
  date      = {2025-01-21},
  howpublished = {\url{https://ada.com/es/covid/cuantos-dias-dura-el-covid/}},
  note      = {Consultado el 2 de junio de 2025}
}


@article{pollock2023estimated,
  title={Estimated incidence and prevalence of gonorrhea in the United States, 2006--2019},
  author={Pollock, Emily D and Clay, Patrick A and Kreisel, Kristen M and Spicknall, Ian H},
  journal={Sexually transmitted diseases},
  volume={50},
  number={4},
  pages={188--195},
  year={2023},
  publisher={LWW}
}

@misc{datosmacro_usa_1963,
  author    = {{Datosmacro.com}},
  title     = {Estados Unidos - Población 1963},
  year      = {2025},
  howpublished = {\url{https://datosmacro.expansion.com/demografia/poblacion/usa?anio=1963}},
  note      = {Recuperado el 2 de junio de 2025}
}


@article{solomon2019peter,
  title={Peter M. Strebel, MB, Ch. B., MPH, and Walter A. Orenstein, MD},
  author={Solomon, Caren G},
  journal={Vaccine},
  volume={500},
  pages={1200},
  year={2019}
}


@misc{ops_sarampion,
  author    = {{Organización Panamericana de la Salud}},
  title     = {Sarampión},
  year      = {s.f.},
  howpublished = {\url{https://www.paho.org/es/temas/sarampion#:~:text=No%20hay%20tratamiento%20espec%C3%ADfico%20para,en%202%20o%203%20semanas}},
  note      = {Recuperado el 1 de junio de 2025}
}

@misc{cdc_measles_cases_2025,
  author    = {{Centers for Disease Control and Prevention}},
  title     = {Measles Cases and Outbreaks},
  year      = {2025},
  date      = {2025-05-30},
  howpublished = {\url{https://www.cdc.gov/measles/data-research/index.html}},
  note      = {Consulado el 2 de junio de 2025}
}


@misc{sanidad_giv_20210115,
  author    = {{Ministerio de Sanidad}},
  title     = {Informe de actividad diario. Gestión Integral de Vacunación frente al COVID-19 en España},
  year      = {2021},
  date      = {2021-01-15},
  howpublished = {\url{https://www.sanidad.gob.es/profesionales/saludPublica/ccayes/alertasActual/nCov/documentos/Informe_GIV_comunicacion_20210115.pdf}},
  note      = {Consultado el 2 de junio de 2025}
}



@misc{sanidad_historico_covid,
  author    = {{Ministerio de Sanidad}},
  title     = {Histórico de coberturas de vacunación frente a la COVID-19},
  year      = {2025},
  howpublished = {\url{https://www.sanidad.gob.es/areas/promocionPrevencion/vacunaciones/coberturas/historico/vacunacionCovid19/home.htm}},
  note      = {Consultado el 2 de junio de 2025}
}


@misc{minhacienda_amortizacion,
  author    = {{Ministerio de Hacienda de España}},
  title     = {Tablas de amortización fiscal (Impuesto de Sociedades)},
  year      = {2024},
  note      = {Establecen un coeficiente lineal máximo del 33\% anual para equipos informáticos, equivalente a 3 años},
  howpublished = {\url{https://www.agenciatributaria.es}},
}


@misc{ine2024etcl,
  author       = {{Instituto Nacional de Estadística (INE)}},
  title        = {Encuesta Trimestral de Coste Laboral (ETCL)},
  year         = {2024},
  howpublished = {\url{https://www.ine.es/dynt3/inebase/index.htm?padre=517&capsel=518}},
  note         = {Accedido el 29 de junio de 2025}
}

@book{pmi2017pmbok,
  author    = {{Project Management Institute}},
  title     = {Guía de los Fundamentos para la Dirección de Proyectos (Guía PMBOK)},
  edition   = {6},
  year      = {2017},
  publisher = {PMI},
  isbn      = {9781628251851}
}

