@misc{ranm_epidemia,
  author       = {{Real Academia Nacional de Medicina de España}},
  title        = {Epidemia},
  year         = {n.d.},
  note         = {Diccionario de términos médicos},
  url          = {https://dtme.ranm.es/terminos/epidemia.html?id=218}
}

@article{tsagkarliotis2023holistic,
  title={A holistic approach in epidemics},
  author={Tsagkarliotis, Ioannis and Rachaniotis, Nikolaos P},
  journal={Frontiers in public health},
  volume={11},
  pages={1263293},
  year={2023},
  publisher={Frontiers Media SA}
}

@article{nasution2021poblaciones,
  title={Las poblaciones vulnerables enfrentando los desaf{\'\i}os durante la pandemia del covid-19: una revisi{\'o}n sistem{\'a}tica},
  author={Nasution, Lina Anisa and Pradana, Anung Ahadi and others},
  journal={Enfermer{\'\i}a global},
  volume={20},
  number={3},
  pages={601--621},
  year={2021}
}

@misc{ministeriosanidad2021,
  author       = {Ministerio de Sanidad},
  title        = {Medidas para el desarrollo de actividades de tiempo libre dirigidas a la población infantil y juvenil en el contexto de la pandemia por COVID-19. Actualización mayo 2021},
  year         = {2021},
  url          = {https://www.sanidad.gob.es/profesionales/saludPublica/ccayes/alertasActual/nCov/documentos/COVID19_Medidas_actividades_tiempo_libre.pdf},
  note         = {Consultado en mayo de 2025}
}

@article{patterson2021societal,
  title={Societal impacts of pandemics: comparing COVID-19 with history to focus our response},
  author={Patterson, Grace E and McIntyre, K Marie and Clough, Helen E and Rushton, Jonathan},
  journal={Frontiers in public health},
  volume={9},
  pages={630449},
  year={2021},
  publisher={Frontiers Media SA}
}

@article{kilbourne2006influenza,
  title={Influenza pandemics of the 20th century},
  author={Kilbourne, Edwin D},
  journal={Emerging infectious diseases},
  volume={12},
  number={1},
  pages={9},
  year={2006}
}

@article{miranda2022tale,
  title={A tale of three recent pandemics: influenza, HIV and SARS-CoV-2},
  author={Miranda, Mafalda NS and Pingarilho, Marta and Pimentel, Victor and Torneri, Andrea and Seabra, Sofia G and Libin, Pieter JK and Abecasis, Ana B},
  journal={Frontiers in Microbiology},
  volume={13},
  pages={889643},
  year={2022},
  publisher={Frontiers Media SA}
}

@article{who2014ebola,
  title={Ebola virus disease in West Africa—the first 9 months of the epidemic and forward projections},
  author={WHO Ebola Response Team},
  journal={New England Journal of Medicine},
  volume={371},
  number={16},
  pages={1481--1495},
  year={2014},
  publisher={Mass Medical Soc}
}

@article{dias2024towards,
  title={Towards a Comprehensive Definition of Pandemics and Strategies for Prevention: A Historical Review and Future Perspectives},
  author={Dias, Ricardo Augusto},
  journal={Microorganisms},
  volume={12},
  number={9},
  pages={1802},
  year={2024},
  publisher={MDPI}
}

@incollection{hajat2010introduction,
  title={An introduction to epidemiology},
  author={Hajat, Cother},
  booktitle={Genetic Epidemiology},
  pages={27--39},
  year={2010},
  publisher={Springer}
}

@article{riley2019differentiating,
  title={Differentiating epidemic from endemic or sporadic infectious disease occurrence},
  author={Riley, Lee W},
  journal={Microbiology spectrum},
  volume={7},
  number={4},
  pages={10--1128},
  year={2019},
  publisher={ASM Press Washington, DC}
}

@article{piret2021pandemics,
  title={Pandemics throughout history},
  author={Piret, Jocelyne and Boivin, Guy},
  journal={Frontiers in microbiology},
  volume={11},
  pages={631736},
  year={2021},
  publisher={Frontiers Media SA}
}

@misc{ranm_endemia,
  author       = {{Real Academia Nacional de Medicina de España}},
  title        = {Endemia},
  year         = {n.d.},
  note         = {Diccionario de términos médicos},
  url          = {https://dtme.ranm.es/buscador.aspx?NIVEL_BUS=3&LEMA_BUS=endemia}
}

@misc{oms_vacunas,
  author       = {{Organización Mundial de la Salud}},
  title        = {Vacunas e inmunización},
  year         = {n.d.},
  note         = {Sitio web oficial de la OMS},
  url          = {https://www.who.int/es/health-topics/vaccines-and-immunization#tab=tab_1}
}

@article{nandi2020vaccines,
  title={Why vaccines matter: understanding the broader health, economic, and child development benefits of routine vaccination},
  author={Nandi, Arindam and Shet, Anita},
  journal={Human vaccines \& immunotherapeutics},
  volume={16},
  number={8},
  pages={1900--1904},
  year={2020},
  publisher={Taylor \& Francis}
}

@misc{hhs_vaccines,
  author       = {{U.S. Department of Health and Human Services}},
  title        = {Types of vaccines},
  year         = {n.d.},
  note         = {Retrieved from HHS.gov},
  url          = {https://www.hhs.gov/es/immunization/basics/types/index.html}
}


@article{damaso2018revisiting,
  title={Revisiting Jenner's mysteries, the role of the Beaugency lymph in the evolutionary path of ancient smallpox vaccines},
  author={Damaso, Clarissa R},
  journal={The Lancet Infectious Diseases},
  volume={18},
  number={2},
  pages={e55--e63},
  year={2018},
  publisher={Elsevier}
}

@article{schwartz2022pasteurian,
  title={The Pasteurian contribution to the history of vaccines},
  author={Schwartz, Maxime},
  journal={Comptes Rendus. Biologies},
  volume={345},
  number={3},
  pages={93--107},
  year={2022}
}

@article{lindstrand2021world,
  title={The world of immunization: achievements, challenges, and strategic vision for the next decade},
  author={Lindstrand, Ann and Cherian, Thomas and Chang-Blanc, Diana and Feikin, Daniel and O’Brien, Katherine L},
  journal={The Journal of Infectious Diseases},
  volume={224},
  number={Supplement\_4},
  pages={S452--S467},
  year={2021},
  publisher={Oxford University Press US}
}

@article{sudharshan2008introduction,
  title={Introduction and immunopathogenesis of acquired immune deficiency syndrome},
  author={Sudharshan, S and Biswas, Jyotirmay},
  journal={Indian journal of ophthalmology},
  volume={56},
  number={5},
  pages={357--362},
  year={2008},
  publisher={Medknow}
}

@article{shaw2012hiv,
  title={HIV transmission},
  author={Shaw, George M and Hunter, Eric},
  journal={Cold Spring Harbor perspectives in medicine},
  volume={2},
  number={11},
  pages={a006965},
  year={2012},
  publisher={Cold Spring Harbor Laboratory Press}
}

@article{workowski2021sexually,
  title={Sexually transmitted infections treatment guidelines, 2021},
  author={Workowski, Kimberly A},
  journal={MMWR. Recommendations and Reports},
  volume={70},
  year={2021}
}

@article{saag2021hiv,
  title={HIV infection—screening, diagnosis, and treatment},
  author={Saag, Michael S},
  journal={New England Journal of Medicine},
  volume={384},
  number={22},
  pages={2131--2143},
  year={2021},
  publisher={Mass Medical Soc}
} 

@article{sivanandy2023efficacy,
  title={Efficacy and safety of two-drug regimens that are approved from 2018 to 2022 for the treatment of human immunodeficiency virus (HIV) Disease and its opportunistic infections},
  author={Sivanandy, Palanisamy and Ng Yujie, Jess and Chandirasekaran, Kanini and Hong Seng, Ooi and Azhari Wasi, Nur Azrida},
  journal={Microorganisms},
  volume={11},
  number={6},
  pages={1451},
  year={2023},
  publisher={MDPI}
}

@article{saag2021hiv,
  title={HIV infection—screening, diagnosis, and treatment},
  author={Saag, Michael S},
  journal={New England Journal of Medicine},
  volume={384},
  number={22},
  pages={2131--2143},
  year={2021},
  publisher={Mass Medical Soc}
}

@article{cihlar2016current,
  title={Current status and prospects of HIV treatment},
  author={Cihlar, Tomas and Fordyce, Marshall},
  journal={Current opinion in virology},
  volume={18},
  pages={50--56},
  year={2016},
  publisher={Elsevier}
}

@article{chan2012biomedical,
  title={Biomedical strategies for human immunodeficiency virus (HIV) prevention? A new paradigm},
  author={Chan, Roy},
  journal={Ann Acad Med Singapore},
  volume={41},
  number={12},
  pages={595--601},
  year={2012}
}

@article{heendeniya2019antiretroviral,
  title={Antiretroviral medications for the prevention of HIV infection: a clinical approach to preexposure prophylaxis, postexposure prophylaxis, and treatment as prevention},
  author={Heendeniya, Amila and Bogoch, Isaac I},
  journal={Infectious Disease Clinics},
  volume={33},
  number={3},
  pages={629--646},
  year={2019},
  publisher={Elsevier}
}

@article{okoye2013cd,
  title={CD 4+ T-cell depletion in HIV infection: mechanisms of immunological failure},
  author={Okoye, Afam A and Picker, Louis J},
  journal={Immunological reviews},
  volume={254},
  number={1},
  pages={54--64},
  year={2013},
  publisher={Wiley Online Library}
}

@article{hoover1992progression,
  title={The progression of untreated HIV-1 infection prior to AIDS.},
  author={Hoover, Donald R and Saah, Alfred and Bacellar, Helena and Murphy, Robert and Visscher, Barbara and Metz, Sharon and Anderson, Roger and Kaslow, Richard A},
  journal={American journal of public health},
  volume={82},
  number={11},
  pages={1538--1541},
  year={1992},
  publisher={American Public Health Association}
}

@article{san2003incidence,
  title={Incidence of acquired immunodeficiency syndrome-associated opportunistic diseases and the effect of treatment on a cohort of 1115 patients infected with human immunodeficiency virus, 1989--1997},
  author={San-Andr{\'e}s, Francisco-Javier and Rubio, Rafael and Castilla, Jes{\'u}s and Pulido, Federico and Palao, Guillermo and de Pedro, Inmaculada and Costa, Jos{\'e}-Ram{\'o}n and del Palacio, Angel},
  journal={Clinical infectious diseases},
  volume={36},
  number={9},
  pages={1177--1185},
  year={2003},
  publisher={The University of Chicago Press}
}

@article{mocroft2000aids,
  title={AIDS across Europe, 1994--98: the EuroSIDA study},
  author={Mocroft, Amanda and Katlama, C and Johnson, AM and Pradier, C and Antunes, F and Mulcahy, F and Chiesi, A and Phillips, AN and Kirk, O and Lundgren, Jens Dilling},
  journal={The Lancet},
  volume={356},
  number={9226},
  pages={291--296},
  year={2000},
  publisher={Elsevier}
}

@article{unemo2019gonorrhoea,
  title={Gonorrhoea},
  author={Unemo, Magnus and Seifert, H Steven and Hook III, Edward W and Hawkes, Sarah and Ndowa, Francis and Dillon, Jo-Anne R},
  journal={Nature Reviews Disease Primers},
  volume={5},
  number={1},
  pages={79},
  year={2019},
  publisher={Nature Publishing Group UK London}
}

@article{adamson2022diagnostic,
  title={Diagnostic tests for detecting Chlamydia trachomatis and Neisseria gonorrhoeae in rectal and pharyngeal specimens},
  author={Adamson, Paul C and Klausner, Jeffrey D},
  journal={Journal of clinical microbiology},
  volume={60},
  number={4},
  pages={e00211--21},
  year={2022},
  publisher={American Society for Microbiology 1752 N St., NW, Washington, DC}
}

@article{cyr2020update,
  title={Update to CDC's treatment guidelines for gonococcal infection, 2020},
  author={Cyr, Sancta St},
  journal={MMWR. Morbidity and mortality weekly report},
  volume={69},
  year={2020}
}

@article{unemo2019antimicrobial,
  title={Antimicrobial resistance in Neisseria gonorrhoeae and treatment of gonorrhea},
  author={Unemo, Magnus and Golparian, Daniel and Eyre, David W},
  journal={Neisseria gonorrhoeae: methods and protocols},
  pages={37--58},
  year={2019},
  publisher={Springer}
}

@article{mayor2012diagnosis,
  title={Diagnosis and management of gonococcal infections},
  author={Mayor, Mejebi T and Roett, Michelle A and Uduhiri, Kelechi A},
  journal={American family physician},
  volume={86},
  number={10},
  pages={931--938},
  year={2012}
}

@article{golparian2020genomic,
  title={Genomic evolution of Neisseria gonorrhoeae since the preantibiotic era (1928--2013): antimicrobial use/misuse selects for resistance and drives evolution},
  author={Golparian, Daniel and Harris, Simon R and S{\'a}nchez-Bus{\'o}, Leonor and Hoffmann, Steen and Shafer, William M and Bentley, Stephen D and Jensen, J{\"o}rgen S and Unemo, Magnus},
  journal={BMC genomics},
  volume={21},
  pages={1--13},
  year={2020},
  publisher={Springer}
}

@article{lin2021epidemiology,
  title={Epidemiology, treatments, and vaccine development for antimicrobial-resistant Neisseria gonorrhoeae: current strategies and future directions},
  author={Lin, Eric Y and Adamson, Paul C and Klausner, Jeffrey D},
  journal={Drugs},
  volume={81},
  number={10},
  pages={1153--1169},
  year={2021},
  publisher={Springer}
}

@article{workowski2021sexually,
  author       = {Workowski, Kimberly A. and Bachmann, Laura H. and Chan, Philip A. and Johnston, Christine M. and Muzny, Christina A. and Park, Ingrid and Reno, Hyman E. and Bolan, Gail A.},
  title        = {Sexually Transmitted Infections Treatment Guidelines, 2021},
  journal      = {MMWR Recommendations and Reports},
  volume       = {70},
  number       = {4},
  pages        = {1--187},
  year         = {2021},
  doi          = {10.15585/mmwr.rr7004a1},
  url          = {https://pubmed.ncbi.nlm.nih.gov/35093206/}
}

@article{moss2017measles,
  author       = {Moss, William J.},
  title        = {Measles},
  journal      = {The Lancet},
  volume       = {390},
  number       = {10111},
  pages        = {2490--2502},
  year         = {2017},
  doi          = {10.1016/S0140-6736(17)31463-0},
  url          = {https://doi.org/10.1016/S0140-6736(17)31463-0}
}

@article{baeten2012antiretroviral,
  author       = {Baeten, Jared M. and Donnell, Deborah and Mugo, Nelly R. and Ndase, Patrick and Thomas, Katherine K. and Campbell, Jessica D. and Celum, Connie},
  title        = {Antiretroviral Prophylaxis for {HIV} Prevention in Heterosexual Men and Women},
  journal      = {New England Journal of Medicine},
  volume       = {367},
  number       = {5},
  pages        = {399--410},
  year         = {2012},
  doi          = {10.1056/NEJMcp1905181},
  url          = {https://www.nejm.org/doi/full/10.1056/NEJMcp1905181}
}

@article{graber2020update,
  title={An update and review of measles for emergency physicians},
  author={Graber, Elise M Alves and Andrade Jr, Francisco J and Bost, William and Gibbs, Michael A},
  journal={The Journal of emergency medicine},
  volume={58},
  number={4},
  pages={610--615},
  year={2020},
  publisher={Elsevier}
}

@article{gastanaduy2021measles,
  title={Measles in the 21st century: progress toward achieving and sustaining elimination},
  author={Gasta{\~n}aduy, Paul A and Goodson, James L and Panagiotakopoulos, Lakshmi and Rota, Paul A and Orenstein, Walt A and Patel, Manisha},
  journal={The Journal of infectious diseases},
  volume={224},
  number={Supplement\_4},
  pages={S420--S428},
  year={2021},
  publisher={Oxford University Press US}
}

@misc{cdc_measles,
  author       = {{Centers for Disease Control and Prevention}},
  title        = {Measles (Rubeola)},
  year         = {2024},
  url = {https://www.cdc.gov/yellow-book/hcp/travel-associated-infections-diseases/measles-rubeola.html},
  note         = {CDC Yellow Book}
}

@article{shanks2014measles,
  title={Measles epidemics of variable lethality in the early 20th century},
  author={Shanks, G Dennis and Hu, Zheng and Waller, Michael and Lee, Seung-eun and Terfa, Daniel and Howard, Alan and Van Heyningen, Elizabeth and Brundage, John F},
  journal={American journal of epidemiology},
  volume={179},
  number={4},
  pages={413--422},
  year={2014},
  publisher={Oxford University Press}
}

@article{fischer2016zinc,
  author    = {Fischer Walker, Christa L. and Black, Robert E.},
  title     = {Zinc for the treatment of diarrhea: Effect on diarrhea morbidity, mortality and incidence of future episodes},
  journal   = {International Journal of Epidemiology},
  volume    = {45},
  number    = {2},
  pages     = {558--568},
  year      = {2016},
  doi       = {10.1093/ije/dyw002},
  url       = {https://pubmed.ncbi.nlm.nih.gov/27411684/}
}

@article{wiersinga2020covid19,
  author    = {Wiersinga, W. Joost and Rhodes, Andrew and Cheng, Allen C. and Peacock, Sharon J. and Prescott, Hallie C.},
  title     = {Pathophysiology, Transmission, Diagnosis, and Treatment of Coronavirus Disease 2019 (COVID-19): A Review},
  journal   = {The New England Journal of Medicine},
  volume    = {383},
  number    = {13},
  pages     = {1177--1181},
  year      = {2020},
  doi       = {10.1056/NEJMcp2009249},
  url       = {https://www.nejm.org/doi/full/10.1056/NEJMcp2009249}
}

@article{ko2022covid,
  author    = {Ko, Jun Hee and Peck, Kyong Ran and Jung, Ji Hoon and Lee, Jin Yong and Lee, Jong-Won},
  title     = {COVID-19 Vaccination in Patients with Immunocompromising Conditions},
  journal   = {The New England Journal of Medicine},
  volume    = {386},
  number    = {17},
  pages     = {1574--1576},
  year      = {2022},
  doi       = {10.1056/NEJMcp2117115},
  url       = {https://www.nejm.org/doi/full/10.1056/NEJMcp2117115}
}

@article{qaseem2023outpatient,
  title={Outpatient treatment of confirmed COVID-19: living, rapid practice points from the American College of Physicians (version 2)},
  author={Qaseem, Amir and Yost, Jennifer and Abraham, George M and Andrews, Rebecca and Jokela, Janet A and Miller, Matthew C and Humphrey, Linda L and Population Health and Medical Science Committee of the American College of Physicians},
  journal={Annals of Internal Medicine},
  volume={176},
  number={10},
  pages={1396--1404},
  year={2023},
  publisher={American College of Physicians}
}

@article{wiersinga2020pathophysiology,
  author    = {Wiersinga, W. J. and Rhodes, A. and Cheng, A. C. and Peacock, S. J. and Prescott, H. C.},
  title     = {Pathophysiology, Transmission, Diagnosis, and Treatment of Coronavirus Disease 2019 (COVID-19): A Review},
  journal   = {The New England Journal of Medicine},
  volume    = {383},
  number    = {13},
  pages     = {1179--1181},
  year      = {2020},
  doi       = {10.1056/NEJMcp2009575},
  url       = {https://www.nejm.org/doi/full/10.1056/NEJMcp2009575}
}

@article{hutchins2020covid,
  title={COVID-19 mitigation behaviors by age group—United States, April--June 2020},
  author={Hutchins, Helena J},
  journal={MMWR. Morbidity and mortality weekly report},
  volume={69},
  year={2020}
}

@misc{cdc_covid19_yellowbook,
  author       = {{Centers for Disease Control and Prevention}},
  title        = {COVID-19 (Coronavirus Disease 2019)},
  year         = {2024},
  note         = {CDC Yellow Book: Health Information for International Travel},
  url          = {https://www.cdc.gov/yellow-book/hcp/travel-associated-infections-diseases/covid-19.html}
}

@article{miyah2022covid,
  title={COVID-19 impact on public health, environment, human psychology, global Socioeconomy, and education},
  author={Miyah, Youssef and Benjelloun, Mohammed and Lairini, Sanae and Lahrichi, Anissa},
  journal={The Scientific World Journal},
  volume={2022},
  number={1},
  pages={5578284},
  year={2022},
  publisher={Wiley Online Library}
}

@misc{isglobal_coronavirus_orden,
  author       = {{ISGlobal}},
  title        = {Ciclo “¿Qué pasa en el mundo?”: Coronavirus, orden internacional y salud global},
  year         = {2020},
  url          = {https://www.isglobal.org/-/ciclo-que-pasa-en-el-mundo-coronavirus-orden-internacional-y-salud-global},
  note         = {Instituto de Salud Global de Barcelona}
}

@misc{bbc_ebola_2014,
  author       = {{BBC News Mundo}},
  title        = {Mapa interactivo del brote de ébola en África Occidental},
  year         = {2014},
  month        = sep,
  url          = {https://www.bbc.com/mundo/noticias/2014/09/140909_salud_mapa_ebola_il},
  note         = {BBC}
}

@misc{infosida_vih,
  author       = {{Infosida}},
  title        = {¿Qué es el VIH?},
  year         = {n.d.},
  url          = {https://www.infosida.es/que-es-el-vih},
  note         = {Consultado en mayo de 2025}
}

@misc{madrid_salud_poblacion,
  author       = {{Comunidad de Madrid}},
  title        = {Observatorio de resultados: Estado de salud de la población},
  year         = {n.d.},
  url          = {http://observatorioresultados.sanidadmadrid.org/GraficosEstadoPoblacion.aspx?ID=74},
  note         = {Consultado en mayo de 2025}
}


@misc{isanidad2023,
  author       = {Isanidad},
  title        = {Las infecciones de transmisión sexual en España: en dos años, la gonorrea dobla sus contagios y la sífilis crece un 59\%},
  year         = {2023},
  url          = {https://isanidad.com/297230/las-infecciones-de-transmision-sexual-en-espana-en-dos-anos-la-gonorrea-dobla-sus-contagios-y-la-sifilis-crece-un-59/},
  note         = {Recuperado el 30 de mayo de 2025}
}

@misc{peste_negra,
  author       = {{National Geographic}},
  title        = {La peste negra: La epidemia que hizo temblar Europa},
  year         = {s.f.},
  url          = {https://historia.nationalgeographic.com.es/a/peste-negra-epidemia-que-hizo-temblar-europa_6280},
  note         = {Recuperado el 30 de mayo de 2025},
}



@misc{rie2020covid,
  author       = {{RIE Rehabilitación e Intervención Especializada}},
  title        = {COVID-19},
  year         = {2020},
  month        = mar,
  day          = {25},
  url          = {https://www.rierehabilitacion.com.mx/covid-19/},
  note         = {Recuperado el 30 de mayo de 2025}
}


@misc{diariomedico2021vacunacion,
  author       = {{Diario Médico}},
  title        = {COVID-19: nueva ofensiva internacional para impulsar la vacunación masiva contando con el farmacéutico},
  year         = {2021},
  month        = may,
  day          = {24},
  url          = {https://www.diariomedico.com/medicina/politica/covid-19-nueva-ofensiva-internacional-para-impulsar-la-vacunacion-masiva-contando-con-el-farmaceutico.html},
  note         = {Recuperado el 30 de mayo de 2025}
}

@misc{tododiagnostico2020sarampion,
  author       = {{Todo Diagnóstico}},
  title        = {Vigilancia epidemiológica del sarampión: RT-PCR en tiempo real},
  year         = {2020},
  month        = apr,
  day          = {1},
  url          = {https://www.tododiagnostico.com/enfermedades-infecciosas/vigilancia-epidemiologica-del-sarampion/},
  note         = {Recuperado el 30 de mayo de 2025}
}

@article{ahumada2015modelos,
  author    = {Ahumada, Carlos and González, Rodrigo},
  title     = {Modelos matemáticos en epidemiología: una revisión},
  journal   = {Revista chilena de infectología},
  volume    = {32},
  number    = {5},
  pages     = {541--548},
  year      = {2015},
  doi       = {10.4067/S0716-10182015000500008},
  url       = {https://www.scielo.cl/scielo.php?script=sci_arttext&pid=S0716-10182015000500008}
}

@misc{aarp_sarampion_2019,
  author       = {{AARP}},
  title        = {Brote de sarampión: Lo que deben saber las personas mayores},
  year         = {2019},
  url          = {https://www.aarp.org/espanol/salud/enfermedades-y-tratamientos/info-2019/brote-de-sarampion-personas-mayores.html},
  note         = {Consultado en mayo de 2025}
}

@misc{elpais_covidmap,
  author       = {{El País}},
  title        = {El mapa del coronavirus en el mundo},
  year         = {n.d.},
  url          = {https://elpais.com/especiales/coronavirus-covid-19/el-mapa-del-coronavirus-en-el-mundo/},
  note         = {Consultado en mayo de 2025}
}



@misc{medlineplus_sarscov2,
  author       = {{MedlinePlus}},
  title        = {SARS-CoV-2 de cerca},
  year         = {s.f.},
  note         = {MedlinePlus en español},
  url          = {https://magazine.medlineplus.gov/es/art%C3%ADculo/sars-cov-2-de-cerca},
  note         = {Consultado en mayo de 2025}
}



@misc{mathworks_matlab,
  author       = {{MathWorks}},
  title        = {MATLAB - MathWorks},
  year         = {s.f.},
  url          = {https://es.mathworks.com/products/matlab.html},
  note         = {Consultado en mayo de 2025}
}

@misc{mathworks_simulink,
  author       = {{MathWorks}},
  title        = {Simulink - Simulación y diseño basado en modelos},
  year         = {s.f.},
  url          = {https://es.mathworks.com/products/simulink.html},
  note         = {Consultado en mayo de 2025}
}

@misc{mathworks2025matlab,
  author = {MathWorks},
  title = {MATLAB App Designer},
  year = {2025},
  url = {https://es.mathworks.com/products/matlab/app-designer.html},
  note = {Accedido: 2025-05-31}
}

@misc{latexproject,
  author = {{LaTeX Project}},
  title = {LaTeX -- A document preparation system},
  url = {https://www.latex-project.org/},
  note = {Accedido: 2025-05-31}
}

@misc{githubdocs,
  author = {{GitHub}},
  title = {Acerca de GitHub y Git},
  url = {https://docs.github.com/es/get-started/start-your-journey/about-github-and-git},
  note = {Accedido: 2025-05-31}
}

@article{Khorrami2023,
  author    = {Zahra Khorrami and Mohammadreza Balooch Hasankhani and Mehrdad Khezri and Ali Jafari-Khounigh and Yones Jahani and Hamid Sharifi},
  title     = {Trends and projection of incidence, mortality, and disability-adjusted life years of HIV in the Middle East and North Africa (1990–2030)},
  journal   = {Scientific Reports},
  volume    = {13},
  number    = {1},
  pages     = {13859},
  year      = {2023},
  doi       = {10.1038/s41598-023-40743-z},
  url       = {https://pubmed.ncbi.nlm.nih.gov/37620356/}
}

@article{shakiba2021epidemiological,
  title={Epidemiological features of HIV/AIDS in the Middle East and North Africa from 1990 to 2017},
  author={Shakiba, Ebrahim and Ramazani, Uosef and Mardani, Ehsan and Rahimi, Zohre and Nazar, Zeinab Moradi and Najafi, Farid and Moradinazar, Mehdi},
  journal={International journal of STD \& AIDS},
  volume={32},
  number={3},
  pages={257--265},
  year={2021},
  publisher={SAGE Publications Sage UK: London, England}
}

@article{pollock2023estimated,
  title={Estimated incidence and prevalence of gonorrhea in the United States, 2006--2019},
  author={Pollock, Emily D and Clay, Patrick A and Kreisel, Kristen M and Spicknall, Ian H},
  journal={Sexually transmitted diseases},
  volume={50},
  number={4},
  pages={188--195},
  year={2023},
  publisher={LWW}
}

@article{solomon2019peter,
  title={Peter M. Strebel, MB, Ch. B., MPH, and Walter A. Orenstein, MD},
  author={Solomon, Caren G},
  journal={Vaccine},
  volume={500},
  pages={1200},
  year={2019}
}

@misc{ops_sarampion,
  author    = {{Organización Panamericana de la Salud}},
  title     = {Sarampión},
  year      = {s.f.},
  url       = {https://www.paho.org/es/temas/sarampion#:~:text=No%20hay%20tratamiento%20espec%C3%ADfico%20para,en%202%20o%203%20semanas},
  note      = {Recuperado el 1 de junio de 2025}
}

@misc{datosmacro_usa_1963,
  author    = {{Datosmacro.com}},
  title     = {Estados Unidos - Población 1963},
  year      = {2025},
  url       = {https://datosmacro.expansion.com/demografia/poblacion/usa?anio=1963},
  note      = {Recuperado el 2 de junio de 2025}
}

@misc{primer_caso_covid_espana,
  author    = {AGENCIA EFE},
  title     = {Cinco años del primer caso de covid en España: un turista alemán, en La Gomera},
  year      = {2025},
  date      = {2025-01-31},
  url       = {https://www.20minutos.es/noticia/5678158/0/cinco-anos-primer-caso-covid-19-espana-turista-aleman-la-gomera/},
  note      = {Consultado el 2 de junio de 2025}
}

@misc{sanidad_covid_situacion,
  author    = {Ministerio de Sanidad},
  title     = {Informes de situación publicados durante la crisis sanitaria},
  year      = {2025},
  url       = {https://www.sanidad.gob.es/areas/alertasEmergenciasSanitarias/alertasActuales/nCov/evolucion/situacion.htm},
  note      = {Consultado el 2 de junio de 2025}
}

@misc{datacommons_espana_demografia,
  author    = {{Data Commons}},
  title     = {España – Demografía},
  year      = {2025},
  url       = {https://datacommons.org/place/country/ESP?utm_medium=explore&mprop=count&popt=Person&hl=es},
  note      = {Consultado el 2 de junio de 2025}
}

@misc{garcia_r0_desescalada,
  author    = {Álvaro García},
  title     = {Coronavirus: ¿qué es el número R0 y cuál es su papel en la desescalada?},
  year      = {2020},
  date      = {2020-05-05},
  url       = {https://as.com/diarioas/2020/05/05/actualidad/1588680293_938747.html},
  note      = {Consultado el 2 de junio de 2025}
}

@article{lauer2020incubation,
  title={The incubation period of coronavirus disease 2019 (COVID-19) from publicly reported confirmed cases: estimation and application},
  author={Lauer, Stephen A and Grantz, Kyra H and Bi, Qifang and Jones, Forrest K and Zheng, Qulu and Meredith, Hannah R and Azman, Andrew S and Reich, Nicholas G and Lessler, Justin},
  journal={Annals of internal medicine},
  volume={172},
  number={9},
  pages={577--582},
  year={2020},
  publisher={American College of Physicians}
}

@misc{ada_duracion_covid,
  author    = {{Ada Health}},
  title     = {¿Cuántos días dura el COVID? Una guía completa},
  year      = {2025},
  date      = {2025-01-21},
  url       = {https://ada.com/es/covid/cuantos-dias-dura-el-covid/},
  note      = {Consultado el 2 de junio de 2025}
}

@misc{tme_ingenieria_control,
  author    = {{Transfer Multisort Elektronik}},
  title     = {Ingeniería de control - definición},
  year      = {2025},
  date      = {2025-05-30},
  url       = {https://www.tme.eu/es/news/library-articles/page/61746/ingenieria-de-control-definicion/},
  note      = {Consultado el 2 de junio de 2025}
}

@misc{ait_ingenieria_control,
  author    = {{AIT S.R.L.}},
  title     = {¿Qué es la ingeniería de control y para qué sirve?},
  year      = {2015},
  date      = {2015-02-28},
  url       = {https://www.ait.com.ar/es/blog/ingenieria-control-sirve},
  note      = {Consultado el 2 de junio de 2025}
}


@book{allen2008mathematical,
  title={Mathematical epidemiology},
  author={Allen, Linda JS and Brauer, Fred and Van den Driessche, Pauline and Wu, Jianhong},
  volume={1945},
  year={2008},
  publisher={Springer}
}

@misc{ferrero2021modelos,
  author       = {Ferrero Roza, Paula},
  title        = {Modelos epidemiológicos},
  year         = {2021},
  note         = {Trabajo Fin de Grado, Universidad de Oviedo},
  url          = {https://hdl.handle.net/10651/72687},
  howpublished = {Repositorio Institucional de la Universidad de Oviedo}
}

@misc{cdc_measles_cases_2025,
  author    = {{Centers for Disease Control and Prevention}},
  title     = {Measles Cases and Outbreaks},
  year      = {2025},
  date      = {2025-05-30},
  url       = {https://www.cdc.gov/measles/data-research/index.html},
  note      = {Consultado el 2 de junio de 2025}
}

@online{sanidad_giv_20210115,
  author    = {{Ministerio de Sanidad}},
  title     = {Informe de actividad diario. Gestión Integral de Vacunación frente al COVID-19 en España},
  year      = {2021},
  date      = {2021-01-15},
  url       = {https://www.sanidad.gob.es/profesionales/saludPublica/ccayes/alertasActual/nCov/documentos/Informe_GIV_comunicacion_20210115.pdf},
  note      = {Consultado el 2 de junio de 2025}
}

@misc{sanidad_historico_covid,
  author    = {{Ministerio de Sanidad}},
  title     = {Histórico de coberturas de vacunación frente a la COVID-19},
  year      = {2025},
  url       = {https://www.sanidad.gob.es/areas/promocionPrevencion/vacunaciones/coberturas/historico/vacunacionCovid19/home.htm},
  note      = {Consultado el 2 de junio de 2025}
}

@misc{abdulrahman_simcovid_2020,
  author       = {Ismael Abdulrahman},
  title        = {SimCOVID 6.0},
  year         = {2020},
  month        = {12},
  day          = {29},
  howpublished = {\url{https://es.mathworks.com/matlabcentral/fileexchange/75025-simcovid-6-0}},
  note         = {Consultado el 2 de junio de 2025}
}


@article{ali2024deterministic,
  author  = {Ali, W. and Overton, C. E. and Wilkinson, R. R. and Sharkey, K. J.},
  title   = {Deterministic epidemic models overestimate the basic reproduction number of observed outbreaks},
  journal = {Infectious Disease Modelling},
  volume  = {9},
  number  = {3},
  pages   = {680--688},
  year    = {2024},
  doi     = {10.1016/j.idm.2024.02.007},
  url     = {https://doi.org/10.1016/j.idm.2024.02.007}
}


@article{carcione2020simulation,
  author  = {Carcione, J. M. and Santos, J. E. and Bagaini, C. and Ba, J.},
  title   = {A Simulation of a COVID-19 Epidemic Based on a Deterministic SEIR Model},
  journal = {Frontiers in Public Health},
  volume  = {8},
  pages   = {230},
  year    = {2020},
  doi     = {10.3389/fpubh.2020.00230},
  url     = {https://doi.org/10.3389/fpubh.2020.00230}
}


@article{trawicki2017deterministic,
  title={Deterministic seirs epidemic model for modeling vital dynamics, vaccinations, and temporary immunity},
  author={Trawicki, Marek B},
  journal={Mathematics},
  volume={5},
  number={1},
  pages={7},
  year={2017},
  publisher={MDPI}
}

@article{islam2020integer,
  title={Integer versus fractional order SEIR deterministic and stochastic models of measles},
  author={Islam, Md Rafiul and Peace, Angela and Medina, Daniel and Oraby, Tamer},
  journal={International Journal of Environmental Research and Public Health},
  volume={17},
  number={6},
  pages={2014},
  year={2020},
  publisher={MDPI}
}

@article{brauer2005kermack,
  title={The Kermack--McKendrick epidemic model revisited},
  author={Brauer, Fred},
  journal={Mathematical biosciences},
  volume={198},
  number={2},
  pages={119--131},
  year={2005},
  publisher={Elsevier}
}

@article{wang2020global,
  author  = {Wang, X. and Wang, C. and Wang, K.},
  title   = {Global dynamics of a novel deterministic and stochastic SIR epidemic model with vertical transmission and media coverage},
  journal = {Advances in Difference Equations},
  volume  = {2020},
  number  = {1},
  pages   = {685},
  year    = {2020},
  doi     = {10.1186/s13662-020-03145-3},
  url     = {https://doi.org/10.1186/s13662-020-03145-3}
}

@misc{valentini2020sir,
  author       = {Giovanni Valentini},
  title        = {SIR Epidemic Spread Model},
  year         = {2020},
  howpublished = {\url{https://www.mathworks.com/matlabcentral/fileexchange/75100-sir-epidemic-spread-model}},
  note         = {Script en MATLAB. Recuperado el 4 de junio de 2025}
}

@misc{mazzone2002controladores,
  title={Controladores PID. Universidad Nacional de Quilmes},
  author={Mazzone, V},
  year={2002}
}


